@article{smith:2023,
  author = {Smith, John},
  year = 2023,
  title = {My Life as a Smith},
  journal = {Journal of Smithery},
  volume = 2,
  pages = {33--44},
}

@book{muellerlapinsky:1986,
  author = {M\"{u}ller, Max and Lapinsky, Larry},
  year = 1986,
  title = {The {Kant} Files},
  address = {Vienna},
  publisher = {Kriminalverlag},
}

@incollection{actonetal:1997,
  author = {Acton, Alice and Bard, Bob and Server, Sam},
  year = 1997,
  title = {Our Experience with {Eve} and {Mallory}},
  editor = {Sam Server},
  booktitle = {Good and Bad Actors in Communication},
  address = {New York},
  publisher = {Sam's Books},
  pages = {94--132},
}

@phdthesis{glargh:2030,
  author = {{Glargh the Blob}},
  year = 2030,
  title = {
    The Befriendification of {Sol 3}:
    A Case Study for the Peaceful Progression of the Coexistence Expansion
    Programme of the Glorious {Zlog} Empire
  },
  address = {Zlog Prime},
  school = {Zlog State University},
}
